@article{steeg2013demystifying,
  title={Demystifying Information-Theoretic Clustering},
  author={Steeg, Greg Ver and Galstyan, Aram and Sha, Fei and DeDeo, Simon},
  journal={arXiv preprint arXiv:1310.4210},
  year={2013}
}
@article{goemans1995improved,
  title={Improved approximation algorithms for maximum cut and satisfiability problems using semidefinite programming},
  author={Goemans, Michel X and Williamson, David P},
  journal={Journal of the ACM (JACM)},
  volume={42},
  number={6},
  pages={1115--1145},
  year={1995},
  publisher={ACM}
}
@inproceedings{faivishevsky2010nonparametric,
  title={Nonparametric information theoretic clustering algorithm},
  author={Faivishevsky, Lev and Goldberger, Jacob},
  booktitle={Proceedings of the 27th International Conference on Machine Learning (ICML-10)},
  pages={351--358},
  year={2010}
}
@inproceedings{wang2011information,
  title={Information theoretical clustering via semidefinite programming},
  author={Wang, Meihong and Sha, Fei},
  booktitle={International Conference on Artificial Intelligence and Statistics},
  pages={761--769},
  year={2011}
}
@misc{Bache+Lichman:2013 ,
author = "K. Bache and M. Lichman",
year = "2013",
title = "{UCI} Machine Learning Repository",
url = "http://archive.ics.uci.edu/ml",
institution = "University of California, Irvine, School of Information and Computer Sciences" 
}
@article{rand1971objective,
  title={Objective criteria for the evaluation of clustering methods},
  author={Rand, William M},
  journal={Journal of the American Statistical association},
  volume={66},
  number={336},
  pages={846--850},
  year={1971},
  publisher={Taylor \& Francis Group}
}
@article{rissanen1983universal,
  title={A universal prior for integers and estimation by minimum description length},
  author={Rissanen, Jorma},
  journal={The Annals of statistics},
  pages={416--431},
  year={1983},
  publisher={JSTOR}
}
@article{rissanen1978modeling,
  title={Modeling by shortest data description},
  author={Rissanen, Jorma},
  journal={Automatica},
  volume={14},
  number={5},
  pages={465--471},
  year={1978},
  publisher={Elsevier}
}
@INPROCEEDINGS{singh14densityfunc,
    Year = {2014},
    Booktitle = {Neural Information Processing Systems (NIPS)},
    Author = {S. Singh and B. Poczos},
    Title = {Exponential Concentration of a Density Functional Estimator}
}

