@article{gsell13false,
  title={False variable selection rates in regression},
  author={G'Sell, Max Grazier and Hastie, Trevor and Tibshirani, Robert},
  journal={arXiv preprint arXiv:1302.2303},
  year={2013}
}

@article{buehler63students,
  author = {Buehler, Robert J. and Feddersen, Alan P.},
  journal = {The Annals of Mathematical Statistics},
  number = {3},
  pages = {1098--1100},
  title = {{Note on a conditional property of student's t1}},
  volume = {34},
  year = {1963}
}

@article{brown67students,
  author = {Brown, Larry},
  journal = {The Annals of Mathematical Statistics},
  number = {4},
  pages = {1068--1071},
  title = {{The conditional level of Student's t test}},
  volume = {38},
  year = {1967}
}

@article{olshen73fTest,
  author = {Olshen, RA},
  journal = {Journal of the American Statistical Association},
  number = {343},
  pages = {692--698},
  title = {{The Conditional Level of the F - Test}},
  volume = {68},
  year = {1973}
}

@article{weinstein13morePower,
  author = {Weinstein, Asaf and Fithian, William and Benjamini, Yoav},
  doi = {10.1080/01621459.2012.737740},
  issn = {0162-1459},
  journal = {Journal of the American Statistical Association},
  keywords = {conditional confidence intervals,false coverage rate,selective
  inference},
  month = mar,
  number = {501},
  pages = {165--176},
  title = {{Selection Adjusted Confidence Intervals With More Power to Determine
  the Sign}},
  volume = {108},
  year = {2013}
}

@article{fithian14optimal,
  title={Optimal inference after model selection},
  author={Fithian, William and Sun, Dennis and Taylor, Jonathan},
  journal={arXiv preprint arXiv:1410.2597},
  year={2014}
}

@article{lee13lasso,
  title={Exact post-selection inference with the lasso},
  author={Lee, Jason D and Sun, Dennis L and Sun, Yuekai and Taylor, Jonathan
E},
  journal={arXiv preprint arXiv:1311.6238},
  year={2013}
}

@inproceedings{lee14marginalScreening,
  title={Exact post model selection inference for marginal screening},
  author={Lee, Jason D and Taylor, Jonathan E},
  booktitle={Advances in Neural Information Processing Systems},
  pages={136--144},
  year={2014}
}

@article{berk13PoSI,
  title={Valid post-selection inference},
  author={Berk, Richard and Brown, Lawrence and Buja, Andreas and Zhang, Kai
and Zhao, Linda},
  journal={The Annals of Statistics},
  volume={41},
  number={2},
  pages={802--837},
  year={2013},
  publisher={Institute of Mathematical Statistics}
}

@article{taylor14post,
  title={Post-selection adaptive inference for least angle regression and the
lasso},
  author={Taylor, Jonathan and Lockhart, Richard and Tibshirani, Ryan J and
Tibshirani, Robert},
  journal={arXiv preprint},
  year={2014}
}

@article{lehmann55estimation,
  title={Completeness, similar regions and unbiased tests, {P}art {I}{I}},
  journal={Sankhya},
  author={Lehmann, E.L. and Scheffe, Henry},
  volume={15},
  pages={219--236},
  year={1955}
}

@article{gsell13sequentialSelection,
  title={Sequential Selection Procedures and False Discovery Rate Control},
  author={G'Sell, Max Grazier and Wager, Stefan and Chouldechova, Alexandra and
Tibshirani, Robert},
  journal={arXiv preprint arXiv:1309.5352},
  year={2013}
}
