@book{mohri12foundations,
  title={Foundations of machine learning},
  author={Mohri, Mehryar and Rostamizadeh, Afshin and Talwalkar, Ameet},
  year={2012},
  publisher={MIT press}
}

@article{ng02discVsGen,
  title={On discriminative vs. generative classifiers: A comparison of logistic
regression and naive bayes},
  author={Ng, Andrew and Jordan, Michael},
  journal={Advances in neural information processing systems},
  volume={14},
  pages={841},
  year={2002}
}
